<record><leader>00000cas a22000007a 4500</leader><controlfield tag="001">15471565</controlfield><controlfield tag="008">870401d18771883inuwr ne      0    0eng d</controlfield><datafield ind1=" " ind2=" " tag="010"><subfield code="a">sn 87055818 </subfield></datafield><datafield ind1=" " ind2=" " tag="040"><subfield code="a">NPI</subfield><subfield code="b">eng</subfield><subfield code="c">NPI</subfield><subfield code="d">OCLCQ</subfield></datafield><datafield ind1=" " ind2=" " tag="042"><subfield code="a">msc</subfield></datafield><datafield ind1="0" ind2=" " tag="130"><subfield code="a">Independent (Milford, Ind.)</subfield></datafield><datafield ind1="1" ind2="4" tag="245"><subfield code="a">The independent.</subfield></datafield><datafield ind1=" " ind2=" " tag="260"><subfield code="a">Milford, Kosciusko County, Ind. :</subfield><subfield code="b">Ager &amp; Rhine, 1877-1883.</subfield></datafield><datafield ind1=" " ind2=" " tag="310"><subfield code="a">Weekly</subfield></datafield><datafield ind1="0" ind2=" " tag="362"><subfield code="a">Vol. 1, no. 48 (Jan. 18, 1877)-v. 7, no. 46 (Feb. 3, 1883).</subfield></datafield><datafield ind1=" " ind2=" " tag="500"><subfield code="a">Published at Goshen, Ind., Dec. 29, 1877-1883.</subfield></datafield><datafield ind1=" " ind2=" " tag="515"><subfield code="a">Suspended with Nov. 15, 1877 issue; resumed with Dec. 29, 1877 issue.</subfield></datafield><datafield ind1=" " ind2=" " tag="752"><subfield code="a">United States</subfield><subfield code="b">Indiana</subfield><subfield code="c">Kosciusko</subfield><subfield code="d">Milford.</subfield></datafield><datafield ind1=" " ind2=" " tag="752"><subfield code="a">United States</subfield><subfield code="b">Indiana</subfield><subfield code="c">Elkhart</subfield><subfield code="d">Goshen.</subfield></datafield><datafield ind1="0" ind2="0" tag="780"><subfield code="t">Syracuse enterprise</subfield><subfield code="w">(DLC)sn 87055833</subfield></datafield><datafield ind1="0" ind2="0" tag="785"><subfield code="t">Semi-weekly independent (Goshen, Ind.)</subfield><subfield code="w">(DLC)sn 87055819</subfield></datafield></record>